@misc{sql1,
	author = {},
	title = {When to Use SQL vs. NoSQL},
	howpublished = {\url{https://integrant.com/blog/when-to-use-sql-vs-nosql/}},
	month = {},
	year = {},
	note = {(Accessed on 01/10/2023)}
}